@online{acm-ethics,
    organization = {Association for Computing Machinery},
    title = {ACM Code of Ethics and Professional Conduct},
    url = {https://ethics.acm.org/code-of-ethics},
    year = {2018},
    urldate = {2019-11-21} 
}

@article{therac,
    author={Leveson, Nancy G. and Turner, Clark S.},
    title={An Investigation of the Therac-25 Accidents},
    journal={Computer},
    year={1993},
    volume={26},
    pages={18-41},
    publisher={IEEE Computer Society},
    month={jul},
    doi={10.1109/MC.1993.274940}
}

@online{rad,
    title={How much radiation is dangerous?},
    url={https://www.reuters.com/article/us-how-much-radiation-dangerous-idUSTRE72E79Z20110315},
    urldate={2019-11-26},
    organization={Reuters}
}

